<?xml version="1.0" encoding="UTF-8" ?>
<collection xmlns:marc="http://www.loc.gov/MARC21/slim"
    xmlns:xsi="http://www.w3.org/2001/XMLSchema-instance"
    xsi:schemaLocation="http://www.loc.gov/MARC21/slim http://www.loc.gov/standards/marcxml/schema/MARC21slim.xsd">
    <record>
        <leader>04570nam a2200937Mi 4500</leader>
        <controlfield tag="001">1289095729</controlfield>
        <controlfield tag="005">20211217002858.3</controlfield>
        <controlfield tag="008">950316s1884    xx           f000 0 eng d</controlfield>
        <datafield tag="040" ind1=" " ind2=" ">
            <subfield code="a">AGL</subfield>
            <subfield code="b">eng</subfield>
            <subfield code="e">RDA</subfield>
            <subfield code="c">AGL</subfield>
        </datafield>
        <datafield tag="016" ind1="7" ind2=" ">
            <subfield code="a">CAT10900958</subfield>
            <subfield code="2">DNAL</subfield>
        </datafield>
        <datafield tag="043" ind1=" " ind2=" ">
            <subfield code="a">n-us---</subfield>
            <subfield code="a">n-us-ak</subfield>
        </datafield>
        <datafield tag="070" ind1="0" ind2=" ">
            <subfield code="a">157.4</subfield>
            <subfield code="b">C10 v.8</subfield>
        </datafield>
        <datafield tag="072" ind1=" " ind2="0">
            <subfield code="a">X100</subfield>
        </datafield>
        <datafield tag="072" ind1=" " ind2="0">
            <subfield code="a">X700</subfield>
        </datafield>
        <datafield tag="086" ind1="0" ind2=" ">
            <subfield code="a">I 11.5:8</subfield>
        </datafield>
        <datafield tag="049" ind1=" " ind2=" ">
            <subfield code="a">AGLL</subfield>
        </datafield>
        <datafield tag="110" ind1="1" ind2=" ">
            <subfield code="a">United States.</subfield>
            <subfield code="b">10th Census, 1880.</subfield>
        </datafield>
        <datafield tag="245" ind1="1" ind2="4">
            <subfield code="a">The newspaper and periodical press /</subfield>
            <subfield code="c">by S.N.D. North. Alaska : it's population, industries, and resources / by Peter Petroff. The Seal Islands of Alaska / by Henry W. Elliott. The shipbuilding industry in the United States / by Henry Hall.</subfield>
        </datafield>
        <datafield tag="246" ind1="3" ind2=" ">
            <subfield code="a">Alaska: its population, industries, and resources</subfield>
        </datafield>
        <datafield tag="246" ind1="3" ind2=" ">
            <subfield code="a">Seal islands of Alaska</subfield>
        </datafield>
        <datafield tag="246" ind1="3" ind2=" ">
            <subfield code="a">Shipbuilding industry in the United States</subfield>
        </datafield>
        <datafield tag="260" ind1=" " ind2=" ">
            <subfield code="c">1884.</subfield>
        </datafield>
        <datafield tag="264" ind1=" " ind2="1">
            <subfield code="a">[Washington, D.C.] :</subfield>
            <subfield code="b">Department of the Interior :</subfield>
            <subfield code="b">Census Office,</subfield>
            <subfield code="c">[1884]</subfield>
        </datafield>
        <datafield tag="264" ind1=" " ind2="3">
            <subfield code="a">Washington :</subfield>
            <subfield code="b">Government Printing Office,</subfield>
            <subfield code="c">1884.</subfield>
        </datafield>
        <datafield tag="300" ind1=" " ind2=" ">
            <subfield code="a">1 v.</subfield>
        </datafield>
        <datafield tag="300" ind1=" " ind2=" ">
            <subfield code="a">1 online resource (4 volumes in 1) :</subfield>
            <subfield code="b">illustrations, maps</subfield>
        </datafield>
        <datafield tag="336" ind1=" " ind2=" ">
            <subfield code="a">text</subfield>
            <subfield code="b">txt</subfield>
            <subfield code="2">rdacontent</subfield>
        </datafield>
        <datafield tag="337" ind1=" " ind2=" ">
            <subfield code="a">computer</subfield>
            <subfield code="b">c</subfield>
            <subfield code="2">rdamedia</subfield>
        </datafield>
        <datafield tag="338" ind1=" " ind2=" ">
            <subfield code="a">online resource</subfield>
            <subfield code="b">cr</subfield>
            <subfield code="2">rdacarrier</subfield>
        </datafield>
        <datafield tag="500" ind1=" " ind2=" ">
            <subfield code="a">Publication pre-dates item numbers. No item number has been assigned.</subfield>
        </datafield>
        <datafield tag="504" ind1=" " ind2=" ">
            <subfield code="a">Includes bibliographical references and index.</subfield>
        </datafield>
        <datafield tag="588" ind1="0" ind2=" ">
            <subfield code="a">Online resource, PDF version; title from cover (Census, viewed October 25, 2019).</subfield>
        </datafield>
        <datafield tag="650" ind1=" " ind2="3">
            <subfield code="a">market analysis.</subfield>
        </datafield>
        <datafield tag="650" ind1=" " ind2="3">
            <subfield code="a">economics.</subfield>
        </datafield>
        <datafield tag="650" ind1=" " ind2="3">
            <subfield code="a">mathematics and statistics.</subfield>
        </datafield>
        <datafield tag="650" ind1=" " ind2="0">
            <subfield code="a">Press</subfield>
            <subfield code="z">United States.</subfield>
        </datafield>
        <datafield tag="650" ind1=" " ind2="0">
            <subfield code="a">Newspapers.</subfield>
        </datafield>
        <datafield tag="650" ind1=" " ind2="0">
            <subfield code="a">Periodicals.</subfield>
        </datafield>
        <datafield tag="651" ind1=" " ind2="0">
            <subfield code="a">Alaska</subfield>
            <subfield code="x">Description and travel.</subfield>
        </datafield>
        <datafield tag="651" ind1=" " ind2="0">
            <subfield code="a">Alaska</subfield>
            <subfield code="x">Population.</subfield>
        </datafield>
        <datafield tag="650" ind1=" " ind2="0">
            <subfield code="a">Industries</subfield>
            <subfield code="z">Alaska.</subfield>
        </datafield>
        <datafield tag="651" ind1=" " ind2="0">
            <subfield code="a">Pribilof Islands (Alaska)</subfield>
        </datafield>
        <datafield tag="650" ind1=" " ind2="0">
            <subfield code="a">Seals (Animals)</subfield>
            <subfield code="z">Alaska</subfield>
            <subfield code="z">Pribilof Islands.</subfield>
        </datafield>
        <datafield tag="650" ind1=" " ind2="0">
            <subfield code="a">Sealing</subfield>
            <subfield code="z">Alaska</subfield>
            <subfield code="z">Pribilof Islands.</subfield>
        </datafield>
        <datafield tag="650" ind1=" " ind2="0">
            <subfield code="a">Shipbuilding</subfield>
            <subfield code="z">United States.</subfield>
        </datafield>
        <datafield tag="650" ind1=" " ind2="0">
            <subfield code="a">Shipbuilding industry</subfield>
            <subfield code="z">United States.</subfield>
        </datafield>
        <datafield tag="650" ind1=" " ind2="6">
            <subfield code="a">Presse.</subfield>
            <subfield code="0">(CaQQLa)201-0025284</subfield>
            <subfield code="z">États-Unis.</subfield>
            <subfield code="0">(CaQQLa)201-0407727</subfield>
        </datafield>
        <datafield tag="650" ind1=" " ind2="6">
            <subfield code="a">Journaux.</subfield>
            <subfield code="0">(CaQQLa)201-0025283</subfield>
        </datafield>
        <datafield tag="650" ind1=" " ind2="6">
            <subfield code="a">Périodiques.</subfield>
            <subfield code="0">(CaQQLa)201-0058053</subfield>
        </datafield>
        <datafield tag="651" ind1=" " ind2="6">
            <subfield code="a">Alaska</subfield>
            <subfield code="x">Descriptions et voyages.</subfield>
            <subfield code="0">(CaQQLa)201-0112423</subfield>
        </datafield>
        <datafield tag="651" ind1=" " ind2="6">
            <subfield code="a">Alaska.</subfield>
            <subfield code="0">(CaQQLa)201-0100885</subfield>
            <subfield code="x">Population.</subfield>
            <subfield code="0">(CaQQLa)201-0380122</subfield>
        </datafield>
        <datafield tag="650" ind1=" " ind2="6">
            <subfield code="a">Industrie.</subfield>
            <subfield code="0">(CaQQLa)201-0004805</subfield>
            <subfield code="z">Alaska.</subfield>
            <subfield code="0">(CaQQLa)201-0460551</subfield>
        </datafield>
        <datafield tag="651" ind1=" " ind2="6">
            <subfield code="a">Pribilof, Îles (Alaska)</subfield>
            <subfield code="0">(CaQQLa)201-0141517</subfield>
        </datafield>
        <datafield tag="650" ind1=" " ind2="6">
            <subfield code="a">Phoques.</subfield>
            <subfield code="0">(CaQQLa)201-0042428</subfield>
            <subfield code="z">Alaska</subfield>
            <subfield code="0">(CaQQLa)201-0461152</subfield>
            <subfield code="z">Pribilof, Îles.</subfield>
            <subfield code="0">(CaQQLa)201-0461152</subfield>
        </datafield>
        <datafield tag="650" ind1=" " ind2="6">
            <subfield code="a">Phoques.</subfield>
            <subfield code="0">(CaQQLa)201-0049530</subfield>
            <subfield code="x">Chasse</subfield>
            <subfield code="0">(CaQQLa)201-0049530</subfield>
            <subfield code="z">Alaska</subfield>
            <subfield code="0">(CaQQLa)201-0461152</subfield>
            <subfield code="z">Pribilof, Îles.</subfield>
            <subfield code="0">(CaQQLa)201-0461152</subfield>
        </datafield>
        <datafield tag="650" ind1=" " ind2="6">
            <subfield code="a">Construction navale.</subfield>
            <subfield code="0">(CaQQLa)201-0019689</subfield>
            <subfield code="z">États-Unis.</subfield>
            <subfield code="0">(CaQQLa)201-0407727</subfield>
        </datafield>
        <datafield tag="650" ind1=" " ind2="6">
            <subfield code="a">Construction navale.</subfield>
            <subfield code="0">(CaQQLa)201-0143821</subfield>
            <subfield code="x">Industrie</subfield>
            <subfield code="0">(CaQQLa)201-0143821</subfield>
            <subfield code="z">États-Unis.</subfield>
            <subfield code="0">(CaQQLa)201-0407727</subfield>
        </datafield>
        <datafield tag="650" ind1=" " ind2="7">
            <subfield code="a">newspapers.</subfield>
            <subfield code="2">aat</subfield>
            <subfield code="0">(CStmoGRI)aat300026656</subfield>
        </datafield>
        <datafield tag="650" ind1=" " ind2="7">
            <subfield code="a">periodicals.</subfield>
            <subfield code="2">aat</subfield>
            <subfield code="0">(CStmoGRI)aat300026657</subfield>
        </datafield>
        <datafield tag="650" ind1=" " ind2="7">
            <subfield code="a">Industries.</subfield>
            <subfield code="2">fast</subfield>
            <subfield code="0">(OCoLC)fst00971852</subfield>
        </datafield>
        <datafield tag="650" ind1=" " ind2="7">
            <subfield code="a">Newspapers.</subfield>
            <subfield code="2">fast</subfield>
            <subfield code="0">(OCoLC)fst01037111</subfield>
        </datafield>
        <datafield tag="650" ind1=" " ind2="7">
            <subfield code="a">Periodicals.</subfield>
            <subfield code="2">fast</subfield>
            <subfield code="0">(OCoLC)fst01058072</subfield>
        </datafield>
        <datafield tag="650" ind1=" " ind2="7">
            <subfield code="a">Population.</subfield>
            <subfield code="2">fast</subfield>
            <subfield code="0">(OCoLC)fst01071476</subfield>
        </datafield>
        <datafield tag="650" ind1=" " ind2="7">
            <subfield code="a">Press.</subfield>
            <subfield code="2">fast</subfield>
            <subfield code="0">(OCoLC)fst01075837</subfield>
        </datafield>
        <datafield tag="650" ind1=" " ind2="7">
            <subfield code="a">Sealing.</subfield>
            <subfield code="2">fast</subfield>
            <subfield code="0">(OCoLC)fst01110280</subfield>
        </datafield>
        <datafield tag="650" ind1=" " ind2="7">
            <subfield code="a">Seals (Animals)</subfield>
            <subfield code="2">fast</subfield>
            <subfield code="0">(OCoLC)fst01110307</subfield>
        </datafield>
        <datafield tag="650" ind1=" " ind2="7">
            <subfield code="a">Shipbuilding.</subfield>
            <subfield code="2">fast</subfield>
            <subfield code="0">(OCoLC)fst01116224</subfield>
        </datafield>
        <datafield tag="650" ind1=" " ind2="7">
            <subfield code="a">Shipbuilding industry.</subfield>
            <subfield code="2">fast</subfield>
            <subfield code="0">(OCoLC)fst01116272</subfield>
        </datafield>
        <datafield tag="650" ind1=" " ind2="7">
            <subfield code="a">Travel.</subfield>
            <subfield code="2">fast</subfield>
            <subfield code="0">(OCoLC)fst01155558</subfield>
        </datafield>
        <datafield tag="651" ind1=" " ind2="7">
            <subfield code="a">Alaska.</subfield>
            <subfield code="2">fast</subfield>
            <subfield code="0">(OCoLC)fst01204480</subfield>
        </datafield>
        <datafield tag="651" ind1=" " ind2="7">
            <subfield code="a">Alaska</subfield>
            <subfield code="z">Pribilof Islands.</subfield>
            <subfield code="2">fast</subfield>
            <subfield code="0">(OCoLC)fst01246049</subfield>
        </datafield>
        <datafield tag="651" ind1=" " ind2="7">
            <subfield code="a">United States.</subfield>
            <subfield code="2">fast</subfield>
            <subfield code="0">(OCoLC)fst01204155</subfield>
        </datafield>
        <datafield tag="700" ind1="1" ind2="2">
            <subfield code="i">Container of (work):</subfield>
            <subfield code="a"> North, S. N. D.</subfield>
            <subfield code="q"> (Simon Newton Dexter),</subfield>
            <subfield code="d"> 1849-1924.</subfield>
            <subfield code="t">Newspaper and periodical press. </subfield>
        </datafield>
        <datafield tag="700" ind1="1" ind2=" ">
            <subfield code="i">Container of (work):</subfield>
            <subfield code="a"> Petroff, Ivan,</subfield>
            <subfield code="d"> 1842- </subfield>
        </datafield>
        <datafield tag="700" ind1="1" ind2="2">
            <subfield code="a">Elliott, Henry Wood,</subfield>
            <subfield code="d"> 1846-1930.</subfield>
            <subfield code="t">Seal Islands of Alaska. </subfield>
        </datafield>
        <datafield tag="700" ind1="1" ind2=" ">
            <subfield code="a">Hall, Henry,</subfield>
            <subfield code="d"> 1845-1920. </subfield>
        </datafield>
        <datafield tag="710" ind1="1" ind2=" ">
            <subfield code="a">United States.</subfield>
            <subfield code="b">Census Office,</subfield>
            <subfield code="e">issuing body.</subfield>
        </datafield>
        <datafield tag="710" ind1="1" ind2=" ">
            <subfield code="a">United States.</subfield>
            <subfield code="b">Department of the Interior,</subfield>
            <subfield code="e">issuing body.</subfield>
        </datafield>
        <datafield tag="776" ind1="0" ind2="8">
            <subfield code="i">Print version:</subfield>
            <subfield code="a">United States. Census Office. 10th census, 1880.</subfield>
            <subfield code="t">Newspaper and periodical press</subfield>
            <subfield code="w">(OCoLC)12364551</subfield>
        </datafield>
        <datafield tag="856" ind1="4" ind2="0">
            <subfield code="u">https://purl.fdlp.gov/GPO/gpo127503</subfield>
            <subfield code="7">0</subfield>
        </datafield>
        <datafield tag="856" ind1="4" ind2=" ">
            <subfield code="u">https://www2.census.gov/prod2/decennial/documents/1880a_v8-01.pdf</subfield>
            <subfield code="z">Address at time of PURL creation</subfield>
        </datafield>
    </record>