
    <record>
        <leader>00618nam a2200181Mi 4500</leader>
        <controlfield tag="001">1289033510</controlfield>
        <controlfield tag="008">950313s1931    xx            000 0 ger d</controlfield>
        <controlfield tag="005">20211217002857.8</controlfield>
        <datafield tag="040" ind1=" " ind2=" ">
            <subfield code="a">AGL</subfield>
            <subfield code="b">eng</subfield>
            <subfield code="c">AGL</subfield>
        </datafield>
        <datafield tag="016" ind1="7" ind2=" ">
            <subfield code="a">CAT10972246</subfield>
            <subfield code="2">DNAL</subfield>
        </datafield>
        <datafield tag="070" ind1="0" ind2=" ">
            <subfield code="a">284.2</subfield>
            <subfield code="b">G33</subfield>
        </datafield>
        <datafield tag="072" ind1=" " ind2="0">
            <subfield code="a">E100</subfield>
        </datafield>
        <datafield tag="100" ind1="1" ind2=" ">
            <subfield code="a">Gesellius, Wilhelm,</subfield>
            <subfield code="d">1904-</subfield>
        </datafield>
        <datafield tag="245" ind1="1" ind2="4">
            <subfield code="a">Die entwicklung der landwirtschaftlichen verhältnisse in Mecklenburg-Schwerin unter besonderer berücksichtigung der kredit-und verschuldungslage :</subfield>
            <subfield code="b">(ein beitrag zur wirtschaftsgeschichte Mecklenburgs) ...</subfield>
        </datafield>
        <datafield tag="260" ind1=" " ind2=" ">
            <subfield code="c">[1931]</subfield>
        </datafield>
        <datafield tag="300" ind1=" " ind2=" ">
            <subfield code="a">208 p.</subfield>
        </datafield>
        <datafield tag="650" ind1=" " ind2="3">
            <subfield code="a">agricultural economics.</subfield>
        </datafield>
        <datafield tag="049" ind1=" " ind2=" ">
            <subfield code="a">AGLL</subfield>
        </datafield>
    </record>