
    <record>
        <leader>01228cam a22003611i 4500</leader>
        <controlfield tag="001">1019492</controlfield>
        <controlfield tag="005">20221004172854.3</controlfield>
        <controlfield tag="008">740924s1938    mnu           000 0 eng  </controlfield>
        <datafield tag="010" ind1=" " ind2=" ">
            <subfield code="a">   38028149 </subfield>
        </datafield>
        <datafield tag="040" ind1=" " ind2=" ">
            <subfield code="a">DLC</subfield>
            <subfield code="b">eng</subfield>
            <subfield code="c">TLM</subfield>
            <subfield code="d">DLC</subfield>
            <subfield code="d">AGL</subfield>
            <subfield code="d">OCLCQ</subfield>
            <subfield code="d">OCLCF</subfield>
            <subfield code="d">OCLCQ</subfield>
            <subfield code="d">OCLCO</subfield>
            <subfield code="d">NDD</subfield>
            <subfield code="d">OCLCO</subfield>
            <subfield code="d">AGL</subfield>
        </datafield>
        <datafield tag="016" ind1="7" ind2=" ">
            <subfield code="a">CAT10891909</subfield>
            <subfield code="2">DNAL</subfield>
        </datafield>
        <datafield tag="043" ind1=" " ind2=" ">
            <subfield code="a">n-us-mn</subfield>
        </datafield>
        <datafield tag="050" ind1="0" ind2="0">
            <subfield code="a">SB453</subfield>
            <subfield code="b">.A2</subfield>
        </datafield>
        <datafield tag="070" ind1="0" ind2=" ">
            <subfield code="a">96</subfield>
            <subfield code="b">Ab3</subfield>
        </datafield>
        <datafield tag="072" ind1=" " ind2="0">
            <subfield code="a">F110</subfield>
        </datafield>
        <datafield tag="049" ind1=" " ind2=" ">
            <subfield code="a">AGLL</subfield>
        </datafield>
        <datafield tag="100" ind1="1" ind2=" ">
            <subfield code="a">Abbott, Daisy T.</subfield>
        </datafield>
        <datafield tag="245" ind1="1" ind2="4">
            <subfield code="a">The northern garden week by week /</subfield>
            <subfield code="c">by Daisy T. Abbott.</subfield>
        </datafield>
        <datafield tag="260" ind1=" " ind2=" ">
            <subfield code="a">Minneapolis :</subfield>
            <subfield code="b">University of Minnesota Press,</subfield>
            <subfield code="c">[©1938]</subfield>
        </datafield>
        <datafield tag="300" ind1=" " ind2=" ">
            <subfield code="a">iv, [2], 94 pages :</subfield>
            <subfield code="b">illustrations ;</subfield>
            <subfield code="c">24 cm</subfield>
        </datafield>
        <datafield tag="336" ind1=" " ind2=" ">
            <subfield code="a">text</subfield>
            <subfield code="b">txt</subfield>
            <subfield code="2">rdacontent</subfield>
        </datafield>
        <datafield tag="337" ind1=" " ind2=" ">
            <subfield code="a">unmediated</subfield>
            <subfield code="b">n</subfield>
            <subfield code="2">rdamedia</subfield>
        </datafield>
        <datafield tag="338" ind1=" " ind2=" ">
            <subfield code="a">volume</subfield>
            <subfield code="b">nc</subfield>
            <subfield code="2">rdacarrier</subfield>
        </datafield>
        <datafield tag="650" ind1=" " ind2="0">
            <subfield code="a">Gardening</subfield>
            <subfield code="z">Minnesota.</subfield>
        </datafield>
        <datafield tag="650" ind1=" " ind2="0">
            <subfield code="a">Flower gardening</subfield>
            <subfield code="z">Minnesota.</subfield>
        </datafield>
        <datafield tag="650" ind1=" " ind2="0">
            <subfield code="a">Floriculture</subfield>
            <subfield code="z">Minnesota.</subfield>
        </datafield>
        <datafield tag="650" ind1=" " ind2="6">
            <subfield code="a">Jardinage.</subfield>
            <subfield code="0">(CaQQLa)201-0000149</subfield>
        </datafield>
        <datafield tag="650" ind1=" " ind2="6">
            <subfield code="a">Floriculture.</subfield>
            <subfield code="0">(CaQQLa)201-0046758</subfield>
        </datafield>
        <datafield tag="650" ind1=" " ind2="7">
            <subfield code="a">gardening.</subfield>
            <subfield code="2">aat</subfield>
            <subfield code="0">(CStmoGRI)aat300054706</subfield>
        </datafield>
        <datafield tag="650" ind1=" " ind2="7">
            <subfield code="a">floriculture.</subfield>
            <subfield code="2">aat</subfield>
            <subfield code="0">(CStmoGRI)aat300054513</subfield>
        </datafield>
        <datafield tag="650" ind1=" " ind2="7">
            <subfield code="a">Floriculture.</subfield>
            <subfield code="2">fast</subfield>
            <subfield code="0">(OCoLC)fst00927668</subfield>
        </datafield>
        <datafield tag="650" ind1=" " ind2="7">
            <subfield code="a">Gardening.</subfield>
            <subfield code="2">fast</subfield>
            <subfield code="0">(OCoLC)fst00937852</subfield>
        </datafield>
        <datafield tag="029" ind1="1" ind2=" ">
            <subfield code="a">AU@</subfield>
            <subfield code="b">000022570234</subfield>
        </datafield>
    </record>