
    <record>
        <leader>00880cam a2200265Mi 4500</leader>
        <controlfield tag="001">47320441</controlfield>
        <controlfield tag="005">20180418002754.1</controlfield>
        <controlfield tag="008">000126s1879    gw            000 0 ger d</controlfield>
        <datafield tag="040" ind1=" " ind2=" ">
            <subfield code="a">ZXW</subfield>
            <subfield code="b">ger</subfield>
            <subfield code="c">ZXW</subfield>
            <subfield code="d">OCLCQ</subfield>
            <subfield code="d">AGL</subfield>
            <subfield code="d">GBVCP</subfield>
            <subfield code="d">OCLCQ</subfield>
        </datafield>
        <datafield tag="016" ind1="7" ind2=" ">
            <subfield code="a">CAT10942233</subfield>
            <subfield code="2">DNAL</subfield>
        </datafield>
        <datafield tag="070" ind1="0" ind2=" ">
            <subfield code="a">281</subfield>
            <subfield code="b">B99</subfield>
        </datafield>
        <datafield tag="072" ind1=" " ind2="0">
            <subfield code="a">E100</subfield>
        </datafield>
        <datafield tag="084" ind1=" " ind2=" ">
            <subfield code="a">24</subfield>
            <subfield code="2">ssgn</subfield>
        </datafield>
        <datafield tag="049" ind1=" " ind2=" ">
            <subfield code="a">AGLL</subfield>
        </datafield>
        <datafield tag="100" ind1="1" ind2=" ">
            <subfield code="a">Bytschkow, Gedeon von.</subfield>
        </datafield>
        <datafield tag="242" ind1="1" ind2="0">
            <subfield code="a">The nature, meaning and applicability of &quot;free economy&quot; /</subfield>
            <subfield code="c">Gedeon von Bytschkow.</subfield>
            <subfield code="y">eng.</subfield>
        </datafield>
        <datafield tag="245" ind1="1" ind2="0">
            <subfield code="a">Wesen, Bedeutung und Anwendbarkeit der &quot;freien Wirthschaft&quot; /</subfield>
            <subfield code="c">Gedeon von Bytschkow.</subfield>
        </datafield>
        <datafield tag="246" ind1="3" ind2=" ">
            <subfield code="a">Wirtschaft</subfield>
        </datafield>
        <datafield tag="260" ind1=" " ind2=" ">
            <subfield code="a">Göttingen :</subfield>
            <subfield code="b">Dieterich,</subfield>
            <subfield code="c">1879.</subfield>
        </datafield>
        <datafield tag="300" ind1=" " ind2=" ">
            <subfield code="a">46 Seiten ;</subfield>
            <subfield code="c">8°</subfield>
        </datafield>
        <datafield tag="336" ind1=" " ind2=" ">
            <subfield code="a">Text</subfield>
            <subfield code="b">txt</subfield>
            <subfield code="2">rdacontent/ger</subfield>
        </datafield>
        <datafield tag="337" ind1=" " ind2=" ">
            <subfield code="a">ohne Hilfsmittel zu benutzen</subfield>
            <subfield code="b">n</subfield>
            <subfield code="2">rdamedia/ger</subfield>
        </datafield>
        <datafield tag="338" ind1=" " ind2=" ">
            <subfield code="a">Band</subfield>
            <subfield code="b">nc</subfield>
            <subfield code="2">rdacarrier/ger</subfield>
        </datafield>
        <datafield tag="650" ind1=" " ind2="7">
            <subfield code="a">Hochschulschrift.</subfield>
            <subfield code="2">gtt</subfield>
        </datafield>
        <datafield tag="029" ind1="1" ind2=" ">
            <subfield code="a">GBVCP</subfield>
            <subfield code="b">309286840</subfield>
        </datafield>
    </record>