
    <record>
        <leader>01506nam a2200277Mi 4500</leader>
        <controlfield tag="001">1289013237</controlfield>
        <controlfield tag="005">20211217002857.2</controlfield>
        <controlfield tag="008">950222s1932    ru           l000 0 rus d</controlfield>
        <datafield tag="040" ind1=" " ind2=" ">
            <subfield code="a">AGL</subfield>
            <subfield code="b">eng</subfield>
            <subfield code="c">AGL</subfield>
        </datafield>
        <datafield tag="016" ind1="7" ind2=" ">
            <subfield code="a">CAT10926644</subfield>
            <subfield code="2">DNAL</subfield>
        </datafield>
        <datafield tag="070" ind1="0" ind2=" ">
            <subfield code="a">94</subfield>
            <subfield code="b">M85</subfield>
        </datafield>
        <datafield tag="072" ind1=" " ind2="0">
            <subfield code="a">F110</subfield>
        </datafield>
        <datafield tag="049" ind1=" " ind2=" ">
            <subfield code="a">AGLL</subfield>
        </datafield>
        <datafield tag="110" ind1="1" ind2=" ">
            <subfield code="a">Moscow (Russia).</subfield>
            <subfield code="b">Zonalʹnai︠a︡ plodo-i︠a︡godnai︠a︡ opytnai︠a︡ stantsii︠a︡.</subfield>
        </datafield>
        <datafield tag="242" ind1="1" ind2="0">
            <subfield code="a">And annual management: (length︠a︡ regions of the middle zone of the USSR): (textbook length︠a︡ state farm schools): Compiled by a team of employees of the Moscow Zonal Fruit-and-a︡experimental station.</subfield>
        </datafield>
        <datafield tag="245" ind1="1" ind2="0">
            <subfield code="a">IAgodovodstvo :</subfield>
            <subfield code="b">(dli︠a︡ raĭonov sredneĭ polosy SSSR) : (uchebnoe posobie dli︠a︡ shkol sovkhozucheĭ) : Sostavleno bridagoĭ sotrudnikov Moskovskoĭ zonalʹnoĭ plodo- plodo-i︠a︡godnoĭ opytnoĭ stantsii.</subfield>
        </datafield>
        <datafield tag="260" ind1=" " ind2=" ">
            <subfield code="c">1932.</subfield>
        </datafield>
        <datafield tag="300" ind1=" " ind2=" ">
            <subfield code="a">231 p.</subfield>
        </datafield>
        <datafield tag="500" ind1=" " ind2=" ">
            <subfield code="a">Non-Latin script record</subfield>
        </datafield>
        <datafield tag="650" ind1=" " ind2="3">
            <subfield code="a">plant cultural practices.</subfield>
        </datafield>
        <datafield tag="650" ind1=" " ind2="3">
            <subfield code="a">horticulture.</subfield>
        </datafield>
        <datafield tag="650" ind1=" " ind2="3">
            <subfield code="a">horticultural crops.</subfield>
        </datafield>
        <datafield tag="650" ind1=" " ind2="3">
            <subfield code="a">crop production.</subfield>
        </datafield>
        <datafield tag="500" ind1=" " ind2=" ">
            <subfield code="a">Non-Latin script record</subfield>
        </datafield>
        <datafield tag="880" ind1="1" ind2="0">
            <subfield code="6">245-01/(N</subfield>
            <subfield code="a"/>
            <subfield code="b">(дли︠а︡ районов срэднэй полоси ссср) : (учэбноэ пособиэ дли︠а︡ школ совкхозучэй) : составлэно бридагой сотрудников московской зоналʹной плодо- плодо-и︠а︡годной опитной стан'ции.</subfield>
        </datafield>
        <datafield tag="066" ind1=" " ind2=" ">
            <subfield code="c">(N</subfield>
        </datafield>
    </record>