
    <record>
        <leader>02140ctm a22004451a 4500</leader>
        <controlfield tag="001">843380761</controlfield>
        <controlfield tag="005">20221013202106.7</controlfield>
        <controlfield tag="008">900316s1931    gw abd   m    000 0 ger d</controlfield>
        <datafield tag="040" ind1=" " ind2=" ">
            <subfield code="a">ZAP</subfield>
            <subfield code="b">eng</subfield>
            <subfield code="c">ZAP</subfield>
            <subfield code="d">OCLCQ</subfield>
            <subfield code="d">OCLCO</subfield>
            <subfield code="d">OCLCF</subfield>
            <subfield code="d">OCLCO</subfield>
            <subfield code="d">OCLCQ</subfield>
            <subfield code="d">AGL</subfield>
        </datafield>
        <datafield tag="016" ind1="7" ind2=" ">
            <subfield code="a">CAT10972246</subfield>
            <subfield code="2">DNAL</subfield>
        </datafield>
        <datafield tag="043" ind1=" " ind2=" ">
            <subfield code="a">e-gx---</subfield>
        </datafield>
        <datafield tag="070" ind1="0" ind2=" ">
            <subfield code="a">284.2</subfield>
            <subfield code="b">G33</subfield>
        </datafield>
        <datafield tag="072" ind1=" " ind2="0">
            <subfield code="a">E100</subfield>
        </datafield>
        <datafield tag="049" ind1=" " ind2=" ">
            <subfield code="a">AGLL</subfield>
        </datafield>
        <datafield tag="100" ind1="1" ind2=" ">
            <subfield code="a">Gesellius, Wilhelm,</subfield>
            <subfield code="d">1904-</subfield>
        </datafield>
        <datafield tag="242" ind1="1" ind2="4">
            <subfield code="a">The development of agricultural conditions in Mecklenburg-Schwerin with special consideration of the credit and debt situation:</subfield>
            <subfield code="b">a contribution to the economic history of Mecklenburg /</subfield>
            <subfield code="c">Wilhelm Gesellius.</subfield>
            <subfield code="y">eng</subfield>
        </datafield>
        <datafield tag="245" ind1="1" ind2="4">
            <subfield code="a">Die Entwicklung der landwirtschaftlichen Verhältnisse in Mecklenburg-Schwerin unter besonderer Berücksichtigung der Kredit- und Verschuldungslage :</subfield>
            <subfield code="b">Ein Beitrag zur Wirtschaftsgeschichte Mecklenburgs /</subfield>
            <subfield code="c">Wilhelm Gesellius.</subfield>
        </datafield>
        <datafield tag="260" ind1=" " ind2=" ">
            <subfield code="c">1931.</subfield>
        </datafield>
        <datafield tag="300" ind1=" " ind2=" ">
            <subfield code="a">208 pages :</subfield>
            <subfield code="b">illustrations, maps, charts;</subfield>
            <subfield code="c">23 cm</subfield>
        </datafield>
        <datafield tag="336" ind1=" " ind2=" ">
            <subfield code="a">text</subfield>
            <subfield code="b">txt</subfield>
            <subfield code="2">rdacontent</subfield>
        </datafield>
        <datafield tag="337" ind1=" " ind2=" ">
            <subfield code="a">unmediated</subfield>
            <subfield code="b">n</subfield>
            <subfield code="2">rdamedia</subfield>
        </datafield>
        <datafield tag="338" ind1=" " ind2=" ">
            <subfield code="a">volume</subfield>
            <subfield code="b">nc</subfield>
            <subfield code="2">rdacarrier</subfield>
        </datafield>
        <datafield tag="502" ind1=" " ind2=" ">
            <subfield code="a">Leipzig, Phil. Diss. v. 24. Mai 1932.</subfield>
        </datafield>
        <datafield tag="502" ind1=" " ind2=" ">
            <subfield code="b">doctoral</subfield>
            <subfield code="c">Universitat Leipzig</subfield>
        </datafield>
        <datafield tag="650" ind1=" " ind2="0">
            <subfield code="a">Agriculture</subfield>
            <subfield code="z">Germany</subfield>
            <subfield code="z">Mecklenburg-Schwerin.</subfield>
        </datafield>
        <datafield tag="650" ind1=" " ind2="0">
            <subfield code="a">Agricultural credit</subfield>
            <subfield code="z">Germany.</subfield>
        </datafield>
        <datafield tag="651" ind1=" " ind2="0">
            <subfield code="a">Mecklenburg (Germany : Region)</subfield>
            <subfield code="x">History</subfield>
            <subfield code="x">Economic conditions.</subfield>
        </datafield>
        <datafield tag="651" ind1=" " ind2="0">
            <subfield code="a">Schwerin (Mecklenburg-Vorpommern, Germany)</subfield>
            <subfield code="x">Economic conditions.</subfield>
        </datafield>
        <datafield tag="650" ind1=" " ind2="7">
            <subfield code="a">Agriculture.</subfield>
            <subfield code="2">fast</subfield>
            <subfield code="0">(OCoLC)fst00801355</subfield>
        </datafield>
        <datafield tag="651" ind1=" " ind2="7">
            <subfield code="a">Germany</subfield>
            <subfield code="z">Mecklenburg-Schwerin.</subfield>
            <subfield code="2">fast</subfield>
            <subfield code="0">(OCoLC)fst01212188</subfield>
        </datafield>
        <datafield tag="650" ind1=" " ind2="7">
            <subfield code="a">Agricultural credit.</subfield>
            <subfield code="2">fast</subfield>
            <subfield code="0">(OCoLC)fst00800626</subfield>
        </datafield>
        <datafield tag="650" ind1=" " ind2="7">
            <subfield code="a">Economic history.</subfield>
            <subfield code="2">fast</subfield>
            <subfield code="0">(OCoLC)fst00901974</subfield>
        </datafield>
        <datafield tag="651" ind1=" " ind2="7">
            <subfield code="a">Germany.</subfield>
            <subfield code="2">fast</subfield>
            <subfield code="0">(OCoLC)fst01210272</subfield>
        </datafield>
        <datafield tag="651" ind1=" " ind2="7">
            <subfield code="a">Germany</subfield>
            <subfield code="z">Mecklenburg (Region)</subfield>
            <subfield code="2">fast</subfield>
            <subfield code="0">(OCoLC)fst01333518</subfield>
        </datafield>
        <datafield tag="651" ind1=" " ind2="7">
            <subfield code="a">Germany</subfield>
            <subfield code="z">Schwerin (Mecklenburg-Vorpommern)</subfield>
            <subfield code="2">fast</subfield>
            <subfield code="0">(OCoLC)fst01312050</subfield>
        </datafield>
        <datafield tag="650" ind1=" " ind2="3">
            <subfield code="a">agricultural economics.</subfield>
        </datafield>
        <datafield tag="655" ind1=" " ind2="7">
            <subfield code="a">History.</subfield>
            <subfield code="2">fast</subfield>
            <subfield code="0">(OCoLC)fst01411628</subfield>
        </datafield>
        <datafield tag="655" ind1=" " ind2="7">
            <subfield code="a">Academic theses.</subfield>
            <subfield code="2">fast</subfield>
            <subfield code="0">(OCoLC)fst01726453</subfield>
        </datafield>
        <datafield tag="655" ind1=" " ind2="7">
            <subfield code="a">Academic theses.</subfield>
            <subfield code="2">lcgft</subfield>
        </datafield>
        <datafield tag="655" ind1=" " ind2="7">
            <subfield code="a">Thèses et écrits académiques.</subfield>
            <subfield code="2">rvmgf</subfield>
            <subfield code="0">(CaQQLa)RVMGF-000001173</subfield>
        </datafield>
    </record>