
    <record>
        <leader>01727cam a2200337Mi 4500</leader>
        <controlfield tag="001">71080388</controlfield>
        <controlfield tag="005">20221019165252.7</controlfield>
        <controlfield tag="008">950310s1932    xx abd       l000 0 eng d</controlfield>
        <datafield tag="040" ind1=" " ind2=" ">
            <subfield code="a">AGL</subfield>
            <subfield code="b">eng</subfield>
            <subfield code="c">AGL</subfield>
            <subfield code="d">OCLCQ</subfield>
            <subfield code="d">OCLCO</subfield>
            <subfield code="d">AGL</subfield>
        </datafield>
        <datafield tag="016" ind1="7" ind2=" ">
            <subfield code="a">CAT10906029</subfield>
            <subfield code="2">DNAL</subfield>
        </datafield>
        <datafield tag="043" ind1=" " ind2=" ">
            <subfield code="a">a-ja---</subfield>
        </datafield>
        <datafield tag="070" ind1="0" ind2=" ">
            <subfield code="a">281.183</subfield>
            <subfield code="b">K99</subfield>
        </datafield>
        <datafield tag="072" ind1=" " ind2="0">
            <subfield code="a">E200</subfield>
        </datafield>
        <datafield tag="049" ind1=" " ind2=" ">
            <subfield code="a">AGLL</subfield>
        </datafield>
        <datafield tag="110" ind1="2" ind2=" ">
            <subfield code="a">Kyōto Daigaku.</subfield>
            <subfield code="b">Department of Agriculture.</subfield>
            <subfield code="b">Institute of Agricultural Economies.</subfield>
        </datafield>
        <datafield tag="245" ind1="1" ind2="0">
            <subfield code="a">Research on the sixteen representative family-farms by the accounting method in the neighboring prefectures near Kyoto, in the year 1927 /</subfield>
            <subfield code="c">Kyōto Daigaku.</subfield>
        </datafield>
        <datafield tag="260" ind1=" " ind2=" ">
            <subfield code="a">Kyoto,</subfield>
            <subfield code="c">1932.</subfield>
        </datafield>
        <datafield tag="300" ind1=" " ind2=" ">
            <subfield code="a">1 volume(8, 66 pages) :</subfield>
            <subfield code="b">maps, tables (some folded) diagrams ;</subfield>
            <subfield code="c">24 cm</subfield>
        </datafield>
        <datafield tag="336" ind1=" " ind2=" ">
            <subfield code="a">text</subfield>
            <subfield code="b">txt</subfield>
            <subfield code="2">rdacontent</subfield>
        </datafield>
        <datafield tag="337" ind1=" " ind2=" ">
            <subfield code="a">unmediated</subfield>
            <subfield code="b">n</subfield>
            <subfield code="2">rdamedia</subfield>
        </datafield>
        <datafield tag="338" ind1=" " ind2=" ">
            <subfield code="a">volume</subfield>
            <subfield code="b">nc</subfield>
            <subfield code="2">rdacarrier</subfield>
        </datafield>
        <datafield tag="500" ind1=" " ind2=" ">
            <subfield code="a">In Japanese.</subfield>
        </datafield>
        <datafield tag="650" ind1=" " ind2="0">
            <subfield code="a">Agriculture</subfield>
            <subfield code="z">Japan</subfield>
            <subfield code="z">Kyoto.</subfield>
        </datafield>
        <datafield tag="650" ind1=" " ind2="0">
            <subfield code="a">Agriculture</subfield>
            <subfield code="z">Japan</subfield>
            <subfield code="z">Kyoto</subfield>
            <subfield code="x">Accounting.</subfield>
        </datafield>
        <datafield tag="650" ind1=" " ind2="6">
            <subfield code="a">Agriculture.</subfield>
            <subfield code="0">(CaQQLa)201-0062624</subfield>
            <subfield code="z">Japon</subfield>
            <subfield code="0">(CaQQLa)201-0487650</subfield>
            <subfield code="z">Kyōto.</subfield>
            <subfield code="0">(CaQQLa)201-0487650</subfield>
        </datafield>
        <datafield tag="650" ind1=" " ind2="6">
            <subfield code="a">Agriculture.</subfield>
            <subfield code="0">(CaQQLa)201-0000537</subfield>
            <subfield code="z">Japon</subfield>
            <subfield code="0">(CaQQLa)201-0487650</subfield>
            <subfield code="z">Kyōto</subfield>
            <subfield code="0">(CaQQLa)201-0487650</subfield>
            <subfield code="x">Comptabilité.</subfield>
            <subfield code="0">(CaQQLa)201-0000537</subfield>
        </datafield>
        <datafield tag="650" ind1=" " ind2="7">
            <subfield code="a">Agriculture.</subfield>
            <subfield code="2">fast</subfield>
            <subfield code="0">(OCoLC)fst00801355</subfield>
        </datafield>
        <datafield tag="650" ind1=" " ind2="7">
            <subfield code="a">Agriculture</subfield>
            <subfield code="x">Accounting.</subfield>
            <subfield code="2">fast</subfield>
            <subfield code="0">(OCoLC)fst00801363</subfield>
        </datafield>
        <datafield tag="651" ind1=" " ind2="7">
            <subfield code="a">Japan</subfield>
            <subfield code="z">Kyoto.</subfield>
            <subfield code="2">fast</subfield>
            <subfield code="0">(OCoLC)fst01207923</subfield>
        </datafield>
        <datafield tag="776" ind1="0" ind2="8">
            <subfield code="i">Online version:</subfield>
            <subfield code="a">Kyōto Daigaku.</subfield>
            <subfield code="t">Research on the sixteen representative family-farms by the accounting method in the neighboring prefectures near Kyoto, in the year 1927.</subfield>
            <subfield code="d">Kyoto [1928?]</subfield>
            <subfield code="w">(OCoLC)690993627</subfield>
        </datafield>
        <datafield tag="856" ind1="4" ind2="1">
            <subfield code="3">HathiTrust Digital Library, Limited view (search only)</subfield>
            <subfield code="u">http://catalog.hathitrust.org/api/volumes/oclc/63976111.html</subfield>
        </datafield>
    </record>