
    <record>
        <leader>01059cam a22002777  4500</leader>
        <controlfield tag="001">34060236</controlfield>
        <controlfield tag="005">20220607120233.0</controlfield>
        <controlfield tag="008">960122s1932    gw       m    000 0 ger d</controlfield>
        <datafield tag="040" ind1=" " ind2=" ">
            <subfield code="a">ZT9</subfield>
            <subfield code="b">fre</subfield>
            <subfield code="c">ZT9</subfield>
            <subfield code="d">AGL</subfield>
            <subfield code="d">BDF</subfield>
            <subfield code="d">OCLCQ</subfield>
            <subfield code="d">LUU</subfield>
        </datafield>
        <datafield tag="016" ind1="7" ind2=" ">
            <subfield code="a">CAT10972151</subfield>
            <subfield code="2">DNAL</subfield>
        </datafield>
        <datafield tag="016" ind1="7" ind2=" ">
            <subfield code="a">FRBNF319957280000004</subfield>
            <subfield code="2">FrPBN</subfield>
        </datafield>
        <datafield tag="050" ind1=" " ind2="4">
            <subfield code="a">S465</subfield>
            <subfield code="b">.D37</subfield>
        </datafield>
        <datafield tag="070" ind1="0" ind2=" ">
            <subfield code="a">283</subfield>
            <subfield code="b">D25</subfield>
        </datafield>
        <datafield tag="072" ind1=" " ind2="0">
            <subfield code="a">E100</subfield>
        </datafield>
        <datafield tag="049" ind1=" " ind2=" ">
            <subfield code="a">AGLL</subfield>
        </datafield>
        <datafield tag="100" ind1="1" ind2=" ">
            <subfield code="a">Dartmann, Heinrich.</subfield>
        </datafield>
        <datafield tag="242" ind1="1" ind2="4">
            <subfield code="a">The farm worker conditions in Westphalia before and after the war in economic and social terms.</subfield>
            <subfield code="y">eng</subfield>
        </datafield>
        <datafield tag="245" ind1="1" ind2="4">
            <subfield code="a">Die Landarbeiterverhältnisse Westfalens vor und nach dem Kriege in betriebswirtschaftlicher und sozialer Hinsicht.</subfield>
        </datafield>
        <datafield tag="260" ind1=" " ind2=" ">
            <subfield code="a">Giessen:</subfield>
            <subfield code="b">Herr,</subfield>
            <subfield code="c">1932.</subfield>
        </datafield>
        <datafield tag="300" ind1=" " ind2=" ">
            <subfield code="a">83 S.</subfield>
            <subfield code="c">8vo</subfield>
        </datafield>
        <datafield tag="336" ind1=" " ind2=" ">
            <subfield code="a">texte</subfield>
            <subfield code="b">txt</subfield>
            <subfield code="2">rdacontent/fre</subfield>
        </datafield>
        <datafield tag="337" ind1=" " ind2=" ">
            <subfield code="a">sans médiation</subfield>
            <subfield code="b">n</subfield>
            <subfield code="2">rdamedia/fre</subfield>
        </datafield>
        <datafield tag="502" ind1=" " ind2=" ">
            <subfield code="a">Giessen, Phil. Diss. v. 7. April 1932.</subfield>
        </datafield>
        <datafield tag="856" ind1="4" ind2="2">
            <subfield code="3">Notice et cote du catalogue de la Bibliothèque nationale de France</subfield>
            <subfield code="u">http://catalogue.bnf.fr/ark:/12148/cb31995728f</subfield>
        </datafield>
        <datafield tag="029" ind1="1" ind2=" ">
            <subfield code="a">BDF</subfield>
            <subfield code="b">FRBNF319957280000004</subfield>
        </datafield>
        <datafield tag="029" ind1="1" ind2=" ">
            <subfield code="a">ZWZ</subfield>
            <subfield code="b">024835617</subfield>
        </datafield>
    </record>