
    <record>
        <leader>01420cam a2200361Mi 4500</leader>
        <controlfield tag="001">1289021763</controlfield>
        <controlfield tag="005">20221021073330.7</controlfield>
        <controlfield tag="008">950314s1932    xx            000 0 ger d</controlfield>
        <datafield tag="040" ind1=" " ind2=" ">
            <subfield code="a">AGL</subfield>
            <subfield code="b">eng</subfield>
            <subfield code="c">AGL</subfield>
            <subfield code="d">AGL</subfield>
        </datafield>
        <datafield tag="016" ind1="7" ind2=" ">
            <subfield code="a">CAT10972151</subfield>
            <subfield code="2">DNAL</subfield>
        </datafield>
        <datafield tag="043" ind1=" " ind2=" ">
            <subfield code="a">e-gx---</subfield>
        </datafield>
        <datafield tag="070" ind1="0" ind2=" ">
            <subfield code="a">283</subfield>
            <subfield code="b">D25</subfield>
        </datafield>
        <datafield tag="072" ind1=" " ind2="0">
            <subfield code="a">E100</subfield>
        </datafield>
        <datafield tag="049" ind1=" " ind2=" ">
            <subfield code="a">AGLL</subfield>
        </datafield>
        <datafield tag="100" ind1="1" ind2=" ">
            <subfield code="a">Dartmann, Heinrich,</subfield>
            <subfield code="d">1901-</subfield>
        </datafield>
        <datafield tag="242" ind1="1" ind2="4">
            <subfield code="a">The farm worker conditions in Westphalia before and after the war in economic and social terms /</subfield>
            <subfield code="c">Heinrich Dartmann.</subfield>
            <subfield code="y">eng</subfield>
        </datafield>
        <datafield tag="245" ind1="1" ind2="4">
            <subfield code="a">Die Landarbeiterverhältnisse Westfalens vor und nach dem Kriege in betriebswirtschaftlicher und sozialer Hinsicht. /</subfield>
            <subfield code="c">Heinrich Dartmann</subfield>
        </datafield>
        <datafield tag="260" ind1=" " ind2=" ">
            <subfield code="c">1932.</subfield>
        </datafield>
        <datafield tag="300" ind1=" " ind2=" ">
            <subfield code="a">83 leaves</subfield>
        </datafield>
        <datafield tag="336" ind1=" " ind2=" ">
            <subfield code="a">text</subfield>
            <subfield code="b">txt</subfield>
            <subfield code="2">rdacontent</subfield>
        </datafield>
        <datafield tag="337" ind1=" " ind2=" ">
            <subfield code="a">unmediated</subfield>
            <subfield code="b">n</subfield>
            <subfield code="2">rdamedia</subfield>
        </datafield>
        <datafield tag="338" ind1=" " ind2=" ">
            <subfield code="a">volume</subfield>
            <subfield code="b">nc</subfield>
            <subfield code="2">rdacarrier</subfield>
        </datafield>
        <datafield tag="502" ind1=" " ind2=" ">
            <subfield code="c">Giessen</subfield>
        </datafield>
        <datafield tag="650" ind1=" " ind2="0">
            <subfield code="a">Agricultural laborers</subfield>
            <subfield code="z">Germany</subfield>
            <subfield code="z">Westphalia.</subfield>
        </datafield>
        <datafield tag="650" ind1=" " ind2="0">
            <subfield code="a">Agriculture</subfield>
            <subfield code="x">Economic aspects</subfield>
            <subfield code="z">Germany</subfield>
            <subfield code="z">Westphalia.</subfield>
        </datafield>
        <datafield tag="650" ind1=" " ind2="3">
            <subfield code="a">agricultural economics.</subfield>
        </datafield>
        <datafield tag="650" ind1=" " ind2="7">
            <subfield code="a">Agricultural laborers.</subfield>
            <subfield code="2">fast</subfield>
            <subfield code="0">(OCoLC)fst00800949</subfield>
        </datafield>
        <datafield tag="650" ind1=" " ind2="7">
            <subfield code="a">Agriculture</subfield>
            <subfield code="x">Economic aspects.</subfield>
            <subfield code="2">fast</subfield>
            <subfield code="0">(OCoLC)fst00801415</subfield>
        </datafield>
        <datafield tag="651" ind1=" " ind2="7">
            <subfield code="a">Germany</subfield>
            <subfield code="z">Westphalia.</subfield>
            <subfield code="2">fast</subfield>
            <subfield code="0">(OCoLC)fst01209818</subfield>
        </datafield>
        <datafield tag="655" ind1=" " ind2="2">
            <subfield code="a">Academic Dissertation</subfield>
            <subfield code="0">(DNLM)D019478</subfield>
        </datafield>
        <datafield tag="655" ind1=" " ind2="7">
            <subfield code="a">Academic theses.</subfield>
            <subfield code="2">fast</subfield>
            <subfield code="0">(OCoLC)fst01726453</subfield>
        </datafield>
        <datafield tag="655" ind1=" " ind2="7">
            <subfield code="a">Academic theses.</subfield>
            <subfield code="2">lcgft</subfield>
        </datafield>
        <datafield tag="655" ind1=" " ind2="7">
            <subfield code="a">Thèses et écrits académiques.</subfield>
            <subfield code="2">rvmgf</subfield>
            <subfield code="0">(CaQQLa)RVMGF-000001173</subfield>
        </datafield>
    </record>