
    <record>
        <leader>01715cam a2200349Mi 4500</leader>
        <controlfield tag="001">123262983</controlfield>
        <controlfield tag="005">20220831183618.2</controlfield>
        <controlfield tag="008">960122s1932    gw d     m    000 0 ger d</controlfield>
        <datafield tag="040" ind1=" " ind2=" ">
            <subfield code="a">HIN</subfield>
            <subfield code="b">eng</subfield>
            <subfield code="c">HIN</subfield>
            <subfield code="d">OCLCF</subfield>
            <subfield code="d">OCLCO</subfield>
            <subfield code="d">OCLCQ</subfield>
            <subfield code="d">OCLCO</subfield>
            <subfield code="d">OCL</subfield>
            <subfield code="d">ZD0</subfield>
            <subfield code="d">OCLCO</subfield>
            <subfield code="d">OCLCQ</subfield>
        </datafield>
        <datafield tag="019" ind1=" " ind2=" ">
            <subfield code="a">1269853983</subfield>
        </datafield>
        <datafield tag="043" ind1=" " ind2=" ">
            <subfield code="a">e-gx---</subfield>
        </datafield>
        <datafield tag="049" ind1=" " ind2=" ">
            <subfield code="a">AGLL</subfield>
        </datafield>
        <datafield tag="100" ind1="1" ind2=" ">
            <subfield code="a">Dartmann, Heinrich,</subfield>
            <subfield code="d">1901-</subfield>
        </datafield>
        <datafield tag="242" ind1="1" ind2="4">
            <subfield code="a">The farm worker relationships in Westphalia before and after the war in economic and social terms /</subfield>
            <subfield code="c">Heinrich Dartmann.</subfield>
        </datafield>
        <datafield tag="245" ind1="1" ind2="4">
            <subfield code="a">Die Landarbeiterverhältnisse Westfalens vor und nach dem Kriege in betriebswirtschaftlicher und sozialer Hinsicht /</subfield>
            <subfield code="c">Heinrich Dartmann.</subfield>
        </datafield>
        <datafield tag="260" ind1=" " ind2=" ">
            <subfield code="a">Giessen:</subfield>
            <subfield code="b">Herr,</subfield>
            <subfield code="c">1932.</subfield>
        </datafield>
        <datafield tag="300" ind1=" " ind2=" ">
            <subfield code="a">83 pages ;</subfield>
            <subfield code="b">charts,</subfield>
            <subfield code="c">24 cm</subfield>
        </datafield>
        <datafield tag="336" ind1=" " ind2=" ">
            <subfield code="a">text</subfield>
            <subfield code="b">txt</subfield>
            <subfield code="2">rdacontent</subfield>
        </datafield>
        <datafield tag="337" ind1=" " ind2=" ">
            <subfield code="a">unmediated</subfield>
            <subfield code="b">n</subfield>
            <subfield code="2">rdamedia</subfield>
        </datafield>
        <datafield tag="338" ind1=" " ind2=" ">
            <subfield code="a">volume</subfield>
            <subfield code="b">nc</subfield>
            <subfield code="2">rdacarrier</subfield>
        </datafield>
        <datafield tag="502" ind1=" " ind2=" ">
            <subfield code="a">Giessen, Phil. Diss. v. 7. April 1932.</subfield>
        </datafield>
        <datafield tag="650" ind1=" " ind2="0">
            <subfield code="a">Agricultural laborers</subfield>
            <subfield code="z">Germany</subfield>
            <subfield code="z">Westphalia.</subfield>
        </datafield>
        <datafield tag="650" ind1=" " ind2="0">
            <subfield code="a">Agriculture</subfield>
            <subfield code="x">Economic aspects</subfield>
            <subfield code="z">Germany</subfield>
            <subfield code="z">Westphalia.</subfield>
        </datafield>
        <datafield tag="650" ind1=" " ind2="6">
            <subfield code="a">Travailleurs agricoles.</subfield>
            <subfield code="0">(CaQQLa)201-0023159</subfield>
            <subfield code="z">Allemagne</subfield>
            <subfield code="0">(CaQQLa)201-0390009</subfield>
            <subfield code="z">Westphalie.</subfield>
            <subfield code="0">(CaQQLa)201-0390009</subfield>
        </datafield>
        <datafield tag="650" ind1=" " ind2="6">
            <subfield code="a">Agriculture.</subfield>
            <subfield code="0">(CaQQLa)201-0000511</subfield>
            <subfield code="x">Aspect économique</subfield>
            <subfield code="0">(CaQQLa)201-0000511</subfield>
            <subfield code="z">Allemagne</subfield>
            <subfield code="0">(CaQQLa)201-0390009</subfield>
            <subfield code="z">Westphalie.</subfield>
            <subfield code="0">(CaQQLa)201-0390009</subfield>
        </datafield>
        <datafield tag="650" ind1=" " ind2="7">
            <subfield code="a">Agricultural laborers.</subfield>
            <subfield code="2">fast</subfield>
            <subfield code="0">(OCoLC)fst00800949</subfield>
        </datafield>
        <datafield tag="650" ind1=" " ind2="7">
            <subfield code="a">Agriculture</subfield>
            <subfield code="x">Economic aspects.</subfield>
            <subfield code="2">fast</subfield>
            <subfield code="0">(OCoLC)fst00801415</subfield>
        </datafield>
        <datafield tag="651" ind1=" " ind2="7">
            <subfield code="a">Germany</subfield>
            <subfield code="z">Westphalia.</subfield>
            <subfield code="2">fast</subfield>
            <subfield code="0">(OCoLC)fst01209818</subfield>
        </datafield>
        <datafield tag="655" ind1=" " ind2="7">
            <subfield code="a">Academic theses.</subfield>
            <subfield code="2">fast</subfield>
            <subfield code="0">(OCoLC)fst01726453</subfield>
        </datafield>
        <datafield tag="655" ind1=" " ind2="7">
            <subfield code="a">Hochschulschrift.</subfield>
            <subfield code="2">gnd-content</subfield>
        </datafield>
        <datafield tag="655" ind1=" " ind2="7">
            <subfield code="a">Academic theses.</subfield>
            <subfield code="2">lcgft</subfield>
        </datafield>
        <datafield tag="655" ind1=" " ind2="7">
            <subfield code="a">Thèses et écrits académiques.</subfield>
            <subfield code="2">rvmgf</subfield>
            <subfield code="0">(CaQQLa)RVMGF-000001173</subfield>
        </datafield>
    </record>