
    <record>
        <leader>02387cas a22005177a 4500</leader>
        <controlfield tag="001">2251882</controlfield>
        <controlfield tag="005">20190320152556.9</controlfield>
        <controlfield tag="008">760620d19371949dcumr p      f0   a0eng c</controlfield>
        <datafield tag="010" ind1=" " ind2=" ">
            <subfield code="a">sn 85018830 </subfield>
        </datafield>
        <datafield tag="040" ind1=" " ind2=" ">
            <subfield code="a">MUL</subfield>
            <subfield code="b">eng</subfield>
            <subfield code="c">MUL</subfield>
            <subfield code="d">NYG</subfield>
            <subfield code="d">OCL</subfield>
            <subfield code="d">NYG</subfield>
            <subfield code="d">OCL</subfield>
            <subfield code="d">OCLCQ</subfield>
            <subfield code="d">OCLCF</subfield>
            <subfield code="d">OCLCO</subfield>
            <subfield code="d">GILDS</subfield>
            <subfield code="d">OCLCQ</subfield>
            <subfield code="d">DLC</subfield>
            <subfield code="d">HUL</subfield>
        </datafield>
        <datafield tag="012" ind1=" " ind2=" ">
            <subfield code="i">8609</subfield>
        </datafield>
        <datafield tag="022" ind1="0" ind2=" ">
            <subfield code="a">2640-6969</subfield>
            <subfield code="l">2640-6969</subfield>
            <subfield code="2">1</subfield>
        </datafield>
        <datafield tag="042" ind1=" " ind2=" ">
            <subfield code="a">msc</subfield>
            <subfield code="a">nsdp</subfield>
        </datafield>
        <datafield tag="043" ind1=" " ind2=" ">
            <subfield code="a">n-us---</subfield>
        </datafield>
        <datafield tag="050" ind1="1" ind2="0">
            <subfield code="a">ISSN RECORD</subfield>
        </datafield>
        <datafield tag="050" ind1=" " ind2="4">
            <subfield code="a">KF3672.29</subfield>
            <subfield code="b">U53</subfield>
        </datafield>
        <datafield tag="082" ind1="1" ind2="0">
            <subfield code="a">331.25/52</subfield>
            <subfield code="2">23</subfield>
        </datafield>
        <datafield tag="082" ind1="0" ind2="4">
            <subfield code="a">331.25444</subfield>
            <subfield code="b">U54u</subfield>
        </datafield>
        <datafield tag="049" ind1=" " ind2=" ">
            <subfield code="a">AGLL</subfield>
        </datafield>
        <datafield tag="222" ind1=" " ind2="0">
            <subfield code="a">Unemployment compensation interpretation service. Benefit series</subfield>
        </datafield>
        <datafield tag="245" ind1="0" ind2="0">
            <subfield code="a">Unemployment compensation interpretation service.</subfield>
            <subfield code="p">Benefit series.</subfield>
        </datafield>
        <datafield tag="246" ind1="0" ind2="0">
            <subfield code="a">Benefit series</subfield>
        </datafield>
        <datafield tag="260" ind1=" " ind2=" ">
            <subfield code="a">Washington, D.C. :</subfield>
            <subfield code="b">Social Security Board,</subfield>
            <subfield code="c">1937-1949.</subfield>
        </datafield>
        <datafield tag="300" ind1=" " ind2=" ">
            <subfield code="a">12 volumes ;</subfield>
            <subfield code="c">22 cm</subfield>
        </datafield>
        <datafield tag="310" ind1=" " ind2=" ">
            <subfield code="a">Monthly</subfield>
        </datafield>
        <datafield tag="336" ind1=" " ind2=" ">
            <subfield code="a">text</subfield>
            <subfield code="b">txt</subfield>
            <subfield code="2">rdacontent</subfield>
        </datafield>
        <datafield tag="337" ind1=" " ind2=" ">
            <subfield code="a">unmediated</subfield>
            <subfield code="b">n</subfield>
            <subfield code="2">rdamedia</subfield>
        </datafield>
        <datafield tag="338" ind1=" " ind2=" ">
            <subfield code="a">volume</subfield>
            <subfield code="b">nc</subfield>
            <subfield code="2">rdacarrier</subfield>
        </datafield>
        <datafield tag="362" ind1="0" ind2=" ">
            <subfield code="a">Vol. 1, no. 1 (Nov. 15, 1937)-</subfield>
        </datafield>
        <datafield tag="362" ind1="1" ind2=" ">
            <subfield code="a">Ceased with v. 12, in 1949.</subfield>
        </datafield>
        <datafield tag="500" ind1=" " ind2=" ">
            <subfield code="a">Includes cumulative index for each volume.</subfield>
        </datafield>
        <datafield tag="550" ind1=" " ind2=" ">
            <subfield code="a">&quot;Prepared by Interpretation Service Section, Bureau of Unemployment Compensation&quot;--Title page verso.</subfield>
        </datafield>
        <datafield tag="550" ind1=" " ind2=" ">
            <subfield code="a">Vol. 1, no. 1-v. 9, no. 7 (July 1946) issued by the Social Security Board; v. 9, no. 8 (Aug. 1946)- by the Social Security Administration (v. 11, no. 9, Sept. 1948- by the Administrations' Bureau of Employment Security).</subfield>
        </datafield>
        <datafield tag="580" ind1=" " ind2=" ">
            <subfield code="a">Continued by: United States. Bureau of Employment Security. Benefit series service, unemployment insurance.</subfield>
        </datafield>
        <datafield tag="650" ind1=" " ind2="0">
            <subfield code="a">Unemployment insurance</subfield>
            <subfield code="x">Law and legislation</subfield>
            <subfield code="z">United States</subfield>
            <subfield code="v">Cases.</subfield>
        </datafield>
        <datafield tag="650" ind1=" " ind2="7">
            <subfield code="a">Unemployment insurance</subfield>
            <subfield code="x">Law and legislation.</subfield>
            <subfield code="2">fast</subfield>
            <subfield code="0">(OCoLC)fst01715920</subfield>
        </datafield>
        <datafield tag="651" ind1=" " ind2="7">
            <subfield code="a">United States.</subfield>
            <subfield code="2">fast</subfield>
            <subfield code="0">(OCoLC)fst01204155</subfield>
        </datafield>
        <datafield tag="655" ind1=" " ind2="4">
            <subfield code="a">Cases.</subfield>
        </datafield>
        <datafield tag="655" ind1=" " ind2="7">
            <subfield code="a">Trials, litigation, etc.</subfield>
            <subfield code="2">fast</subfield>
            <subfield code="0">(OCoLC)fst01423712</subfield>
        </datafield>
        <datafield tag="710" ind1="1" ind2=" ">
            <subfield code="a">United States.</subfield>
            <subfield code="b">Social Security Board.</subfield>
        </datafield>
        <datafield tag="710" ind1="1" ind2=" ">
            <subfield code="a">United States.</subfield>
            <subfield code="b">Social Security Administration.</subfield>
        </datafield>
        <datafield tag="710" ind1="1" ind2=" ">
            <subfield code="a">United States.</subfield>
            <subfield code="b">Bureau of Employment Security.</subfield>
        </datafield>
        <datafield tag="776" ind1="0" ind2="8">
            <subfield code="i">Online version:</subfield>
            <subfield code="t">Unemployment compensation interpretation service. Benefit series</subfield>
            <subfield code="w">(OCoLC)956629379</subfield>
        </datafield>
        <datafield tag="785" ind1="1" ind2="0">
            <subfield code="a">United States. Bureau of Employment Security.</subfield>
            <subfield code="t">Benefit series service, unemployment insurance</subfield>
            <subfield code="w">(DLC)sn 86035032</subfield>
            <subfield code="w">(OCoLC)2251883</subfield>
        </datafield>
        <datafield tag="850" ind1=" " ind2=" ">
            <subfield code="a">N</subfield>
        </datafield>
        <datafield tag="029" ind1="1" ind2=" ">
            <subfield code="a">AU@</subfield>
            <subfield code="b">000040210509</subfield>
        </datafield>
    </record>