
    <record>
        <leader>01443cas a2200313Ma 4500</leader>
        <controlfield tag="001">70895581</controlfield>
        <controlfield tag="005">20220416074431.9</controlfield>
        <controlfield tag="008">830617d193819uudcuuu    w   f0    0eng d</controlfield>
        <datafield tag="040" ind1=" " ind2=" ">
            <subfield code="a">INL</subfield>
            <subfield code="b">eng</subfield>
            <subfield code="c">INL</subfield>
            <subfield code="d">OCLCQ</subfield>
            <subfield code="d">OCLCF</subfield>
            <subfield code="d">OCLCO</subfield>
            <subfield code="d">OCLCQ</subfield>
            <subfield code="d">OCLCO</subfield>
            <subfield code="d">AGL</subfield>
        </datafield>
        <datafield tag="043" ind1=" " ind2=" ">
            <subfield code="a">n-us---</subfield>
            <subfield code="a">e-uk---</subfield>
        </datafield>
        <datafield tag="049" ind1=" " ind2=" ">
            <subfield code="a">AGLL</subfield>
        </datafield>
        <datafield tag="245" ind1="0" ind2="0">
            <subfield code="a">Unemployment compensation interpretation service.</subfield>
            <subfield code="p">Benefit series.</subfield>
            <subfield code="p">General supplement.</subfield>
        </datafield>
        <datafield tag="246" ind1="1" ind2="2">
            <subfield code="a">Benefit decisions of the British Umpire</subfield>
            <subfield code="f">no. 1</subfield>
        </datafield>
        <datafield tag="260" ind1=" " ind2=" ">
            <subfield code="a">Washington, D.C. :</subfield>
            <subfield code="b">Social Security Board :</subfield>
            <subfield code="b">U.S. G.P.O.,</subfield>
            <subfield code="c">1938- </subfield>
        </datafield>
        <datafield tag="300" ind1=" " ind2=" ">
            <subfield code="a">volumes ;</subfield>
            <subfield code="c">24 cm</subfield>
        </datafield>
        <datafield tag="336" ind1=" " ind2=" ">
            <subfield code="a">text</subfield>
            <subfield code="b">txt</subfield>
            <subfield code="2">rdacontent</subfield>
        </datafield>
        <datafield tag="337" ind1=" " ind2=" ">
            <subfield code="a">unmediated</subfield>
            <subfield code="b">n</subfield>
            <subfield code="2">rdamedia</subfield>
        </datafield>
        <datafield tag="338" ind1=" " ind2=" ">
            <subfield code="a">volume</subfield>
            <subfield code="b">nc</subfield>
            <subfield code="2">rdacarrier</subfield>
        </datafield>
        <datafield tag="362" ind1="0" ind2=" ">
            <subfield code="a">No. 1 (June 1, 1938)-</subfield>
        </datafield>
        <datafield tag="550" ind1=" " ind2=" ">
            <subfield code="a">No. 1 prepared by the Bureau of Unemployment Compensation.</subfield>
        </datafield>
        <datafield tag="650" ind1=" " ind2="0">
            <subfield code="a">Unemployment insurance</subfield>
            <subfield code="z">Great Britain</subfield>
            <subfield code="v">Cases.</subfield>
        </datafield>
        <datafield tag="650" ind1=" " ind2="0">
            <subfield code="a">Unemployment insurance</subfield>
            <subfield code="z">United States</subfield>
            <subfield code="v">Cases.</subfield>
        </datafield>
        <datafield tag="650" ind1=" " ind2="0">
            <subfield code="a">Law reports, digests, etc.</subfield>
            <subfield code="z">United States</subfield>
            <subfield code="v">Cases.</subfield>
        </datafield>
        <datafield tag="650" ind1=" " ind2="6">
            <subfield code="a">Assurance-chômage</subfield>
            <subfield code="0">(CaQQLa)201-0032906</subfield>
            <subfield code="z">Grande-Bretagne</subfield>
            <subfield code="0">(CaQQLa)201-0441031</subfield>
            <subfield code="v">Jurisprudence.</subfield>
            <subfield code="0">(CaQQLa)201-0378129</subfield>
        </datafield>
        <datafield tag="650" ind1=" " ind2="7">
            <subfield code="a">Unemployment insurance.</subfield>
            <subfield code="2">fast</subfield>
            <subfield code="0">(OCoLC)fst01715915</subfield>
        </datafield>
        <datafield tag="651" ind1=" " ind2="7">
            <subfield code="a">Great Britain.</subfield>
            <subfield code="2">fast</subfield>
            <subfield code="0">(OCoLC)fst01204623</subfield>
        </datafield>
        <datafield tag="655" ind1=" " ind2="7">
            <subfield code="a">Trials, litigation, etc.</subfield>
            <subfield code="2">fast</subfield>
            <subfield code="0">(OCoLC)fst01423712</subfield>
        </datafield>
        <datafield tag="710" ind1="1" ind2=" ">
            <subfield code="a">United States.</subfield>
            <subfield code="b">Bureau of Unemployment Compensation.</subfield>
        </datafield>
        <datafield tag="772" ind1="1" ind2=" ">
            <subfield code="t">Unemployment compensation interpretation service. Benefit series</subfield>
            <subfield code="w">(IEN-L)ACN0521</subfield>
        </datafield>
    </record>