
    <record>
        <leader>02117nam a22003854i 4500</leader>
        <controlfield tag="001">NEW</controlfield>
        <controlfield tag="005">20221012072833.0</controlfield>
        <controlfield tag="008">221012s1932    ru           l000 0 rus d</controlfield>
        <datafield tag="040" ind1=" " ind2=" ">
            <subfield code="a">AGL</subfield>
            <subfield code="b">eng</subfield>
            <subfield code="c">AGL</subfield>
            <subfield code="d">OCLCO</subfield>
            <subfield code="d">OCLCQ</subfield>
            <subfield code="d">OCLCA</subfield>
            <subfield code="d">OCLCO</subfield>
        </datafield>
        <datafield tag="016" ind1="7" ind2=" ">
            <subfield code="a">CAT10926644</subfield>
            <subfield code="2">DNAL</subfield>
        </datafield>
        <datafield tag="035" ind1=" " ind2=" ">
            <subfield code="a">(OCoLC)ocm71075902</subfield>
        </datafield>
        <datafield tag="070" ind1="0" ind2=" ">
            <subfield code="a">94</subfield>
            <subfield code="b">M85</subfield>
        </datafield>
        <datafield tag="072" ind1=" " ind2="0">
            <subfield code="a">F110</subfield>
        </datafield>
        <datafield tag="049" ind1=" " ind2=" ">
            <subfield code="a">AGLL</subfield>
        </datafield>
        <datafield tag="110" ind1="1" ind2=" ">
            <subfield code="a">Moscow (Russia).</subfield>
            <subfield code="b">ZonalÊ£naiı̐ aı̐Ł plodo-iı̐ aı̐Łgodnaiı̐ aı̐Ł opytnaiı̐ aı̐Ł stantsiiı̐ aı̐Ł.</subfield>
        </datafield>
        <datafield tag="242" ind1="1" ind2="0">
            <subfield code="a">Horticulture : (for︠ regions of the middle belt of the USSR) : (textbook for︠ schools of state farmers) : Compiled by a team of employees of the Moscow Zonal Fruit-and-Food Experimental Station.</subfield>
            <subfield code="y">eng</subfield>
        </datafield>
        <datafield tag="245" ind1="1" ind2="0">
            <subfield code="6">880-01</subfield>
            <subfield code="a">IAgodovodstvo : (dli︠ raĭonov sredneĭ polosy SSSR) : (uchebnoye posobiye dli︠ shkol sovkhozucheĭ) : Sostavleno bridagoĭ sotrudnikov Moskovskoĭ zonal'noĭ plodo- plodo-i︠a︡godnoĭ opytnoĭ stantsii.</subfield>
        </datafield>
        <datafield tag="260" ind1=" " ind2=" ">
            <subfield code="c">1932.</subfield>
        </datafield>
        <datafield tag="300" ind1=" " ind2=" ">
            <subfield code="a">231 pages</subfield>
        </datafield>
        <datafield tag="336" ind1=" " ind2=" ">
            <subfield code="a">text</subfield>
            <subfield code="b">txt</subfield>
            <subfield code="2">rdacontent</subfield>
        </datafield>
        <datafield tag="337" ind1=" " ind2=" ">
            <subfield code="a">unmediated</subfield>
            <subfield code="b">n</subfield>
            <subfield code="2">rdamedia</subfield>
        </datafield>
        <datafield tag="338" ind1=" " ind2=" ">
            <subfield code="a">volume</subfield>
            <subfield code="b">nc</subfield>
            <subfield code="2">rdacarrier</subfield>
        </datafield>
        <datafield tag="500" ind1=" " ind2=" ">
            <subfield code="a">Non-Latin script record</subfield>
        </datafield>
        <datafield tag="500" ind1=" " ind2=" ">
            <subfield code="a">Non-Latin script record</subfield>
        </datafield>
        <datafield tag="650" ind1=" " ind2="0">
            <subfield code="a">Horticulture</subfield>
            <subfield code="z">Soviet Union</subfield>
            <subfield code="v">Textbooks.</subfield>
        </datafield>
        <datafield tag="650" ind1=" " ind2="3">
            <subfield code="a">plant cultural practices.</subfield>
        </datafield>
        <datafield tag="650" ind1=" " ind2="3">
            <subfield code="a">horticulture.</subfield>
        </datafield>
        <datafield tag="650" ind1=" " ind2="3">
            <subfield code="a">horticultural crops.</subfield>
        </datafield>
        <datafield tag="650" ind1=" " ind2="3">
            <subfield code="a">crop production.</subfield>
        </datafield>
        <datafield tag="650" ind1=" " ind2="7">
            <subfield code="a">Horticulture.</subfield>
            <subfield code="2">fast</subfield>
            <subfield code="0">(OCoLC)fst00960791</subfield>
        </datafield>
        <datafield tag="651" ind1=" " ind2="7">
            <subfield code="a">Soviet Union.</subfield>
            <subfield code="2">fast</subfield>
            <subfield code="0">(OCoLC)fst01210281</subfield>
        </datafield>
        <datafield tag="655" ind1=" " ind2="7">
            <subfield code="a">Textbooks.</subfield>
            <subfield code="2">fast</subfield>
            <subfield code="0">(OCoLC)fst01423863</subfield>
        </datafield>
        <datafield tag="880" ind1="1" ind2=" ">
            <subfield code="6">110-00/(N</subfield>
            <subfield code="a">Мосcоw (Руссиа). ‡b Зональнаи︠а︡ плодо-и︠а︡годнаи︠а︡ опытнаи︠а︡ стантсии︠а︡.</subfield>
        </datafield>
        <datafield tag="880" ind1="1" ind2="0">
            <subfield code="6">245-01/(N</subfield>
            <subfield code="a">Агодоводство: (дли︠ районов средней полосы СССР) : (учебное пособие дли︠ школ совхозучей) : Составлено бридагой сотрудников Московской зональной плодо- плодо-и︠а︡годной опытной стантсии.</subfield>
        </datafield>
        <datafield tag="066" ind1=" " ind2=" ">
            <subfield code="c">(N</subfield>
        </datafield>
    </record>