
    <record>
        <leader>02096cam a2200361Ma 4500</leader>
        <controlfield tag="001">853144205</controlfield>
        <controlfield tag="005">20200309181405.6</controlfield>
        <controlfield tag="008">090613s1922    dcu     o    f000 0 eng d</controlfield>
        <controlfield tag="006">m     o  d f      </controlfield>
        <controlfield tag="007">cr bn|mmmapmmp</controlfield>
        <datafield tag="040" ind1=" " ind2=" ">
            <subfield code="a">UMI</subfield>
            <subfield code="b">eng</subfield>
            <subfield code="c">UBY</subfield>
            <subfield code="d">OCLCO</subfield>
            <subfield code="d">OCLCF</subfield>
            <subfield code="d">OCLCQ</subfield>
            <subfield code="d">NJR</subfield>
            <subfield code="d">OCLCA</subfield>
            <subfield code="d">BUF</subfield>
            <subfield code="d">OCLCQ</subfield>
        </datafield>
        <datafield tag="043" ind1=" " ind2=" ">
            <subfield code="a">n-us---</subfield>
        </datafield>
        <datafield tag="086" ind1="0" ind2=" ">
            <subfield code="a">Y 4.B 22/1:R 88/3</subfield>
        </datafield>
        <datafield tag="049" ind1=" " ind2=" ">
            <subfield code="a">AGLL</subfield>
        </datafield>
        <datafield tag="110" ind1="1" ind2=" ">
            <subfield code="a">United States.</subfield>
            <subfield code="b">Congress.</subfield>
            <subfield code="b">House.</subfield>
            <subfield code="b">Committee on Banking and Currency.</subfield>
        </datafield>
        <datafield tag="245" ind1="1" ind2="0">
            <subfield code="a">Rural Credits :</subfield>
            <subfield code="b">hearings before the United States House Committee on Banking and Currency, Sixty-Seventh Congress, third session, on Nov. 24, 1922.</subfield>
        </datafield>
        <datafield tag="260" ind1=" " ind2=" ">
            <subfield code="a">Washington :</subfield>
            <subfield code="b">U.S. G.P.O.,</subfield>
            <subfield code="c">1922.</subfield>
        </datafield>
        <datafield tag="300" ind1=" " ind2=" ">
            <subfield code="a">1 online resource (ii, 18 pages)</subfield>
        </datafield>
        <datafield tag="336" ind1=" " ind2=" ">
            <subfield code="a">text</subfield>
            <subfield code="b">txt</subfield>
            <subfield code="2">rdacontent</subfield>
        </datafield>
        <datafield tag="337" ind1=" " ind2=" ">
            <subfield code="a">computer</subfield>
            <subfield code="b">c</subfield>
            <subfield code="2">rdamedia</subfield>
        </datafield>
        <datafield tag="338" ind1=" " ind2=" ">
            <subfield code="a">online resource</subfield>
            <subfield code="b">cr</subfield>
            <subfield code="2">rdacarrier</subfield>
        </datafield>
        <datafield tag="500" ind1=" " ind2=" ">
            <subfield code="a">Record is based on bibliographic data in ProQuest Congressional Hearings Digital Collection. Reuse except for individual research requires license from ProQuest, LLC.</subfield>
        </datafield>
        <datafield tag="520" ind1=" " ind2=" ">
            <subfield code="a">Considers legislation to establish agricultural credit corporations and to revise Federal Reserve bank procedures for discounting notes, drafts, and bills of exchange for agricultural or livestock paper.</subfield>
        </datafield>
        <datafield tag="520" ind1=" " ind2=" ">
            <subfield code="a">Considers (67) S. 4063, (67) H.R. 13033.</subfield>
        </datafield>
        <datafield tag="520" ind1=" " ind2=" ">
            <subfield code="a">Considers (67) S. 4063, (67) H.R. 13033.</subfield>
        </datafield>
        <datafield tag="650" ind1=" " ind2="0">
            <subfield code="a">Agricultural credit corporations</subfield>
            <subfield code="x">Law and legislation</subfield>
            <subfield code="z">United States.</subfield>
        </datafield>
        <datafield tag="650" ind1=" " ind2="7">
            <subfield code="a">Agricultural credit corporations</subfield>
            <subfield code="x">Law and legislation.</subfield>
            <subfield code="2">fast</subfield>
            <subfield code="0">(OCoLC)fst00800656</subfield>
        </datafield>
        <datafield tag="651" ind1=" " ind2="7">
            <subfield code="a">United States.</subfield>
            <subfield code="2">fast</subfield>
            <subfield code="0">(OCoLC)fst01204155</subfield>
        </datafield>
        <datafield tag="655" ind1=" " ind2="4">
            <subfield code="a">Electronic books.</subfield>
        </datafield>
        <datafield tag="730" ind1="0" ind2=" ">
            <subfield code="a">LexisNexis U.S. Congressional Hearings Digital Collection.</subfield>
        </datafield>
        <datafield tag="776" ind1="0" ind2="8">
            <subfield code="i">Print version:</subfield>
            <subfield code="a">United States. Congress. House. Committee on Banking and Currency.</subfield>
            <subfield code="t">Rural Credits</subfield>
        </datafield>
        <datafield tag="776" ind1="0" ind2="8">
            <subfield code="i">Microfiche version:</subfield>
            <subfield code="a">United States. Congress. House. Committee on Banking and Currency.</subfield>
            <subfield code="t">Rural Credits.</subfield>
            <subfield code="d">[Bethesda, Md.] : ProQuest, [2004]</subfield>
            <subfield code="o">CIS Hrgs MF Gp 1--H316-7</subfield>
            <subfield code="w">(ProQuest)cis10201378</subfield>
        </datafield>
        <datafield tag="856" ind1="4" ind2="0">
            <subfield code="u">http://congressional.proquest.com/congcomp/getdoc?HEARING-ID=HRG-1922-BCU-0007</subfield>
        </datafield>
    </record>