
    <record>
        <leader>00804nam a2200253Mi 4500</leader>
        <controlfield tag="001">1289005921</controlfield>
        <controlfield tag="005">20211217002856.8</controlfield>
        <controlfield tag="008">950314s1933    xx            000 0 ger d</controlfield>
        <datafield tag="040" ind1=" " ind2=" ">
            <subfield code="a">AGL</subfield>
            <subfield code="b">eng</subfield>
            <subfield code="c">AGL</subfield>
        </datafield>
        <datafield tag="016" ind1="7" ind2=" ">
            <subfield code="a">CAT10972364</subfield>
            <subfield code="2">DNAL</subfield>
        </datafield>
        <datafield tag="070" ind1="0" ind2=" ">
            <subfield code="a">284.5</subfield>
            <subfield code="b">Au4</subfield>
        </datafield>
        <datafield tag="072" ind1=" " ind2="0">
            <subfield code="a">E200</subfield>
        </datafield>
        <datafield tag="049" ind1=" " ind2=" ">
            <subfield code="a">AGLL</subfield>
        </datafield>
        <datafield tag="100" ind1="1" ind2=" ">
            <subfield code="a">Aug, Hans Bünter,</subfield>
            <subfield code="d">1908-</subfield>
        </datafield>
        <datafield tag="242" ind1="1" ind2="0">
            <subfield code="a">Effects and tendencies of the German beer tax  /</subfield>
            <subfield code="c">Hans Bünter Aug.</subfield>
            <subfield code="y">eng.</subfield>
        </datafield>
        <datafield tag="245" ind1="1" ind2="0">
            <subfield code="a">Wirkungen und wirkungstendenzen der deutschen bierbesteuerung /</subfield>
            <subfield code="c">Hans Bünter Aug.</subfield>
        </datafield>
        <datafield tag="260" ind1=" " ind2=" ">
            <subfield code="c">1933.</subfield>
        </datafield>
        <datafield tag="300" ind1=" " ind2=" ">
            <subfield code="a">115 p.</subfield>
        </datafield>
        <datafield tag="650" ind1=" " ind2="0">
            <subfield code="a">Alcohol</subfield>
            <subfield code="x">Taxation</subfield>
            <subfield code="z">Germany.</subfield>
        </datafield>
        <datafield tag="650" ind1=" " ind2="7">
            <subfield code="a">Alcohol</subfield>
            <subfield code="x">Taxation.</subfield>
            <subfield code="2">fast</subfield>
            <subfield code="0">(OCoLC)fst00804296</subfield>
        </datafield>
        <datafield tag="651" ind1=" " ind2="7">
            <subfield code="a">Germany.</subfield>
            <subfield code="2">fast</subfield>
            <subfield code="0">(OCoLC)fst01210272</subfield>
        </datafield>
        <datafield tag="650" ind1=" " ind2="3">
            <subfield code="a">microeconomics.</subfield>
        </datafield>
        <datafield tag="650" ind1=" " ind2="3">
            <subfield code="a">farm management.</subfield>
        </datafield>
        <datafield tag="650" ind1=" " ind2="3">
            <subfield code="a">agricultural economics.</subfield>
        </datafield>
    </record>